
@article{abu2016youtube,
  title={YouTube-8M: A Large-Scale Video Classification Benchmark},
  author={Abu-El-Haija, Sami and Kothari, Saurabh and Lee, Joonseok and Natsev, Paul and Toderici, George and Varadarajan, Balakrishnan and Vijayanarasimhan, Sudheendra},
  journal={arXiv preprint arXiv:1609.08675},
  year={2016},
  url={https://arxiv.org/pdf/1609.08675v1}
}

@article{zhou2022transvod,
  author={Zhou, Qianyu and Li, Xiangtai and He, Lu and Yang, Yibo and Cheng, Guangliang and Tong, Yunhai and Ma, Lizhuang and Tao, Dacheng},
  journal={IEEE Transactions on Pattern Analysis and Machine Intelligence}, 
  title={TransVOD: End-to-End Video Object Detection With Spatial-Temporal Transformers}, 
  year={2022}, 
  pages={1-16}, 
  doi={10.1109/TPAMI.2022.3223955}
}

@manual{mongodb,
  title = {MongoDB Documentation},
  author = {MongoDB, Inc.},
  note = {Available: \url{https://www.mongodb.com/docs/}},
  year = {2024},
  url = {https://www.mongodb.com/docs/}
}

@manual{mongodb_gridfs,
  title = {GridFS - MongoDB Manual},
  author = {MongoDB, Inc.},
  note = {Available: \url{https://www.mongodb.com/docs/manual/core/gridfs/}},
  year = {2024},
  url = {https://www.mongodb.com/docs/manual/core/gridfs/}
}

@manual{google_video_intelligence,
  title = {Google Cloud Video Intelligence API Documentation},
  author = {Google Cloud},
  note = {Available at: \url{https://cloud.google.com/video-intelligence}},
  year = {2024},
  url = {https://cloud.google.com/video-intelligence}
}


@manual{ibm_watson_video_enrichment,
  title = {IBM Watson Video Enrichment Documentation},
  author = {IBM Corporation},
  note = {Available at: \url{https://cloud.ibm.com/docs/services/Watson-Video-Enrichment}},
  year = {2024},
  url = {https://cloud.ibm.com/docs/services/Watson-Video-Enrichment}
}

@inproceedings{aref2003vdbms,
  title={VDBMS: A Testbed Facility for Research in Video Database Benchmarking},
  author={Aref, Walid G. and Catlin, Andrew C. and Elmagarmid, Ahmed K. and Fan, Junwei and Hammad, Mohamed and Ilyas, Ihab and Marzouk, Mohamed and Prabhakar, Sunil and Tu, Yi-Chen and Zhu, Xiaofang},
  booktitle={Proceedings of the 9th International Workshop on Multimedia Information Systems (MIS)},
  pages={41--47},
  year={2003},
  address={Isle of Skye, Scotland},
  url={https://cse.usf.edu/~tuy/pub/DMS03.pdf}
}

@article{ozsoyoglu2003bilvideo,
  title={BilVideo: A Video Database Management System},
  author={{\"O}zsoyoglu, G{\"u}lcan and {\"O}zsoyoglu, Z. Meral and Bozkaya, Tolga and Budak, Arif and {\"O}zden, Yucel and Sahin, Guclu and Singer, Didem and Unal, Mustafa},
  journal={IEEE Multimedia},
  volume={10},
  number={1},
  pages={66--70},
  year={2003},
  publisher={IEEE},
  doi={10.1109/MMUL.2003.1167924},
  url={https://ieeexplore.ieee.org/stamp/stamp.jsp?tp=&arnumber=1167924}
}

@article{lee1997vims,
  title={VIMS: A Video Information Management System},
  author={Lee, John CM and Li, Qing and Xiong, Wei},
  journal={Multimedia Tools and Applications},
  volume={4},
  number={1},
  pages={7--28},
  year={1997},
  doi={10.1023/A:1009655814781},
  url={https://doi.org/10.1023/A:1009655814781}
}

@misc{zhou2023transvodplusplus,
  title={TransVOD++: Enhancing End-to-End Video Object Detection with Improved Feature Fusion and Multi-Scale Processing},
  author={Zhou, Qianyu and He, Lu and Li, Xiangtai and others},
  year={2023},
  note={Available at: \url{https://github.com/qianyuzqy/TransVOD_plusplus}}
}

@article{chu2021transmot,
  title={TransMOT: Spatial-Temporal Graph Transformer for Multiple Object Tracking},
  author={Chu, Peng and Ling, Haibin},
  journal={arXiv preprint arXiv:2104.00194},
  year={2021},
  url={https://arxiv.org/abs/2104.00194}
}

@article{stanojevic2024boostTrack,
  title={BoostTrack: boosting the similarity measure and detection confidence for improved multiple object tracking},
  author={Stanojevic, Vukasin D and Todorovic, Branimir T},
  journal={Machine Vision and Applications},
  issn = {0932-8092},
  year={2024},
  volume={35},
  number = {3},
  doi={10.1007/s00138-024-01531-5}
}

@misc{xie2024autoregressivequeriesadaptivetracking,
      title={Autoregressive Queries for Adaptive Tracking with Spatio-TemporalTransformers}, 
      author={Jinxia Xie and Bineng Zhong and Zhiyi Mo and Shengping Zhang and Liangtao Shi and Shuxiang Song and Rongrong Ji},
      year={2024},
      eprint={2403.10574},
      archivePrefix={arXiv},
      primaryClass={cs.CV},
      url={https://arxiv.org/abs/2403.10574}, 
}

@phdthesis{fielding2000rest,
  title={Architectural Styles and the Design of Network-based Software Architectures},
  author={Fielding, Roy Thomas},
  year={2000},
  school={University of California, Irvine},
  url={https://www.ics.uci.edu/~fielding/pubs/dissertation/rest_arch_style.htm}
}

@manual{nodejs,
  title = {Node.js Documentation},
  author = {{OpenJS Foundation}},
  note = {Available at: \url{https://nodejs.org/en/docs/}},
  year = {2024}
}

@misc{ffmpeg_git,
  title = {FFmpeg Repository},
  author = {{FFmpeg Developers}},
  note = {Available at: \url{https://github.com/FFmpeg/FFmpeg}},
  year = {2024}
}

@manual{python,
  title = {{Python}: {A} Dynamic, Open Source Programming Language},
  author = {{Python Software Foundation}},
  organization = {Python Software Foundation},
  address = {Delaware, USA},
  note = {Available at: \url{https://www.python.org/}},
  year = {2024}
}


@article{Text-Grounding,
  title={Scene-Text Grounding for Text-Based Video Question Answering},
  author={Zhou, Sheng and Xiao, Junbin and Yang, Xun and Song, Peipei and Guo, Dan and Yao, Angela and Wang, Meng and Chua, Tat-Seng},
  journal={arXiv preprint arXiv:2409.14319},
  year={2024},
  url={https://ar5iv.org/html/2409.14319v1}
}
@article{yolo11,
  title = {YOLOv11 Documentation},
  author = {Ultralytics},
  journal = {Ultralytics Official Documentation},
  year = {2024},
  url = {https://docs.ultralytics.com/models/yolo11/},
}
@article{poms2018scanner,
  title={Scanner: efficient video analysis at scale},
  author={Poms, Alexander and Crichton, William and Hanrahan, Pat and Fatahalian, Kayvon},
  journal={ACM Transactions on Graphics (TOG)},
  volume={37},
  number={4},
  pages={1--13},
  year={2018},
  month={August},
  publisher={ACM New York, NY, USA}
}